1667 2786
294 167 378 225 u4
659 171 1196 216 eRYPToGAmiffl

337 285 1563 335 w

441 406 1013 464 CLASSJS
1098 406 1427 461 XXIV.

327 548 1558 644 CRYPTOGAMIA.'

309 724 351 770 C
374 725 417 770 R
434 724 474 769 Y
498 726 532 770 P
552 726 596 772 T
621 725 730 773 OG
753 727 787 774 A
808 728 860 774 Μ
879 729 898 774 1
920 728 957 774 A
1017 730 1219 775 continet
1253 727 1570 787 Vegetabilia,

379 807 571 852 quorum
603 793 984 842 Fruffificationes
1016 795 1155 842 oculis
1194 793 1349 840 nostris
1387 793 1430 840 se
1476 794 1574 839 sub-

381 858 558 907 trahunt
605 861 653 907 8<
680 861 891 909 structura
925 863 982 909 ab
1029 863 1124 908 aliis
1170 860 1337 908 diversa
1361 860 1572 922 gaudent„

523 992 560 1028 O
581 994 615 1030 R
634 994 670 1030 D
687 995 705 1031 1
726 995 765 1032 N
787 995 813 1031 E
834 997 854 1032 S
888 990 968 1030 haec
1009 992 1138 1031 Claffis
1169 993 1379 1033 constituit.

321 1092 353 1118 1.
395 1080 546 1117 Fiucns
593 1076 809 1129 Dorsz'feras
830 1106 844 1125 ‚
877 1078 1246 1131 Epiphyllosjoermas
1292 1078 1335 1119 S.
1372 1076 1577 1129 Capillares

427 1133 544 1184 vulgo
570 1132 741 1172 includit,

373 1187 516 1223 CALYX
545 1185 698 1237 squama
728 1200 747 1224 e
772 1185 868 1224 folio
894 1198 1034 1233 enata,
1072 1187 1189 1226 altero
1219 1188 1333 1226 latete
1365 1184 1583 1229 dehiscens,

431 1240 496 1277 sub
523 1253 597 1290 qua
620 1240 766 1292 globuli
796 1240 1046 1291 pedunculati.

376 1291 560 1330 Globulus
589 1295 731 1330 annulo
752 1293 902 1331 elastico
926 1294 1070 1333 mustus
1089 1322 1100 1339 ,
1121 1294 1187 1348 qui
1208 1293 1358 1333 elafflce
1378 1294 1587 1345 rumpitur,

434 1343 628 1384 effundens
658 1347 861 1398 pulverem.

378 1400 478 1437 eum
512 1398 574 1436 hic
607 1402 710 1438 nulla
738 1401 847 1439 nobis
881 1411 974 1438 nota
1005 1401 1193 1441 certitudo
1223 1398 1420 1438 dividendi
1442 1398 1590 1451 plantas

433 1465 457 1490 a
490 1451 792 1492 Frustificatione
823 1455 990 1499 constet,
1019 1467 1080 1492 eas
1111 1469 1133 1492 a
1173 1453 1242 1492 situ
1276 1453 1339 1491 sub
1377 1453 1448 1493 suis
1485 1466 1595 1504 opetf

438 1506 532 1543 culis
557 1506 595 1543 in
623 1506 794 1544 ordinem
826 1506 1053 1559 digessimus,

383 1557 637 1598 Frufiificatio
664 1559 799 1597 harum
834 1563 1044 1599 etiamnum
1077 1560 1231 1600 obscura
1270 1560 1343 1606 est,
1380 1557 1447 1610 qui
1483 1558 1594 1596 vivas

439 1612 580 1652 adeunt
640 1613 913 1653 Trichomanis
958 1615 1122 1666 species,
1167 1616 1209 1652 in
1250 1612 1318 1652 has
1354 1623 1498 1651 attente
1536 1612 1599 1649 in-

442 1678 609 1718 quirant.

338 1733 376 1756 ι.
406 1722 572 1760 Muscos
599 1719 796 1760 divisimus
827 1721 1026 1761 secundum
1066 1720 1249 1759 Antheras
1281 1721 1504 1773 calyptratas
1532 1730 1600 1757 aut

444 1787 522 1811 non
551 1775 773 1825 calyptratas
796 1803 805 1818 ,
837 1775 876 1814 in
899 1776 1031 1814 eodem
1064 1776 1123 1812 vel
1157 1775 1334 1811 distineto
1369 1772 1600 1827 vegetabili,

445 1840 532 1865 cum
571 1829 731 1866 flosculis
758 1827 930 1868 femineis
964 1830 1179 1883 aggregatis
1203 1841 1267 1866 ant
1298 1827 1493 1871 solitariis,
1513 1839 1603 1877 prae-

445 1880 554 1931 cipue
581 1881 773 1934 principiis
810 1884 969 1924 Dillenii
998 1883 1149 1930 innixi,
1185 1883 1250 1933 qui
1285 1879 1382 1918 hanc
1415 1879 1604 1918 familiam

451 1935 628 1973 absolvit.

396 1989 549 2027 Semina
574 1989 788 2027 muscorum
823 1987 925 2026 nuda
955 1986 1038 2026 sunt
1071 1988 1218 2026 corcula
1245 1987 1378 2038 absque
1411 1986 1607 2038 cotyledo-

454 2042 564 2079 nibus
591 2056 655 2081 aut
694 2043 824 2080 tunica
845 2072 855 2088 ,
897 2054 982 2077 cum
1028 2040 1152 2079 siccati
1189 2043 1440 2084 reviviscant3
1471 2039 1610 2091 confer.

455 2095 611 2135 Amoerz.
639 2097 742 2136 acad.
772 2111 805 2135 2.
828 2110 868 2145 p.
903 2101 989 2140 284.

402 2146 586 2186 Anthene
642 2164 733 2202 quas
789 2149 1032 2187 nominamus
1054 2178 1063 2194 ,
1109 2147 1207 2185 forte
1259 2147 1385 2198 potius
1442 2144 1611 2195 Capsizlae

457 2202 625 2241 dicendae
644 2233 653 2250 ‚
678 2208 711 2240 &
739 2216 864 2240 earum
891 2202 1016 2239 pollen
1046 2215 1132 2239 veta
1153 2199 1326 2245 Semina,
1346 2213 1430 2238 cum
1454 2202 1493 2237 in
1516 2205 1614 2238 Bux-

459 2256 634 2301 baumia,
672 2256 827 2308 aliisque
858 2255 1024 2293 vidimus
1051 2256 1150 2292 intra
1180 2256 1351 2305 opercula
1383 2266 1486 2291 veras
1518 2252 1612 2291 An«

461 2308 582 2346 theras
613 2310 846 2361 polliniferas
865 2322 884 2346 e
911 2306 1105 2345 filamento
1127 2309 1190 2346 suo
1208 2308 1458 2359 dependentes
1473 2337 1482 2352 ,
1509 2308 1614 2358 apice

463 2361 698 2403 dehiscentes
717 2393 729 2413 ,
759 2364 884 2418 pollen
915 2360 1104 2402 dimittere
1135 2363 1175 2400 in
1208 2362 1323 2411 cilia,
1360 2372 1540 2416 tanquam
1575 2361 1623 2414 {13

468 2414 629 2476 Pfflm.
