1667 2786
542 91 1314 254 ORDINES-

336 349 1482 454 NATURALES

281 566 315 593 1.
346 553 642 592 CREATOR
688 552 736 589 T.
776 552 823 590 O.
859 552 896 589 in
925 551 1136 604 primordio
1166 555 1292 593 vestiit
1322 556 1544 609 vegetabile

382 604 598 647 Medullare
633 606 827 656 principiis
863 607 1118 645 constitutivis
1152 607 1284 647 diversi
1314 609 1545 653 Corticalis,

384 663 484 698 unde
513 672 573 699 tot
614 657 808 698 diffotmia
834 660 1066 708 individua,
1095 675 1190 714 quot
1225 661 1383 702 Ordines
1416 667 1544 703 Natu·

385 716 480 752 rales
498 743 507 759 ,
548 725 749 768 prognata.

283 797 317 821 2.
350 778 528 830 Clafficas
553 778 622 818 has
652 783 665 826 (
684 793 696 816 1
715 779 734 825 )
764 780 910 830 plantas
931 780 1185 833 Omnipotens
1203 781 1353 819 miscuit
1370 781 1469 820 inter
1488 784 1545 830 se,

386 834 485 871 unde
515 832 757 887 tot-Genera
790 834 989 879 ordinum,
1022 848 1116 887 quot
1154 835 1242 873 inde
1275 837 1421 887 plantae.

282 915 317 950 3.
347 898 551 939 Genesin-as
589 897 747 947 has(2)
779 899 927 937 miscuit
957 901 1127 944 Natura,
1158 899 1258 938 unde
1290 911 1349 939 tot
1391 899 1546 950 Species

385 967 635 1009 congeneres,
667 966 761 1006 quot
796 952 910 990 hodie
940 953 1115 991 existunt.
1140 974 1142 976 ·

279 1034 318 1072 4.
347 1018 497 1070 Species
518 1019 583 1057 has
605 1022 672 1067 (3)
696 1017 842 1056 miscuit
862 1017 1003 1063 Casus,
1028 1018 1127 1056 unde
1146 1018 1311 1058 totidem
1325 1046 1338 1065 ,
1356 1032 1450 1072 quot
1468 1018 1551 1071 pas-

388 1074 454 1111 fim
487 1085 686 1111 occurrunt
712 1102 721 1118 ,
766 1071 1000 1111 Varietates.

284 1155 323 1191 ς.
349 1141 514 1181 Suadent
548 1138 788 1189 haec(1-4)
818 1135 1007 1196 creatoris
1043 1140 1144 1193 leges
1176 1150 1198 1175 a
1232 1136 1460 1190 simplicibus
1500 1137 1551 1176 ad.

820 1193 1055 1242 Compohta.

735 1243 900 1284 Natura·
915 1247 1012 1297 leges
1032 1244 1288 1297 generationis
1306 1246 1344 1283 in
1363 1243 1550 1295 hybridis.

739 1298 918 1337 Hominis
930 1300 1026 1354 leges
1039 1313 1081 1337 ex
1095 1299 1300 1337 observatis
1311 1313 1332 1336 a
1342 1301 1551 1351 posteriori,

283 1373 320 1407 6.
348 1370 572 1406 Boi-Amans
612 1363 679 1402 has
713 1365 813 1416 leges
832 1393 841 1409 ,
866 1377 1052 1416 quantum
1085 1366 1172 1404 hcet
1191 1396 1202 1412 ,
1237 1365 1478 1404 observabit:

395 1419 612 1460 Varietates
643 1419 690 1455 ad
725 1417 875 1465 Species
905 1418 1056 1456 reducat
1084 1421 1201 1470 Tyro,

442 1476 540 1510 Cum
554 1472 726 1523 Specialis
740 1471 912 1522 cognitio
925 1470 967 1510 fit
979 1473 1141 1523 primurn
1156 1472 1280 1511 solidae
1291 1472 1525 1529 cognitionis
1537 1487 1552 1515 ς

388 1525 542 1576 Species
576 1530 621 1562 ad
660 1523 805 1562 Genera
837 1528 987 1564 reducat
1022 1526 1240 1563 Boranicus.

445 1583 542 1616 Cnm
576 1578 662 1616 inde
703 1577 869 1615 fraterna
893 1578 1058 1617 affinitas
1098 1582 1326 1631 plantarum.

390 1631 538 1672 Genera
567 1634 613 1670 ad
649 1631 814 1670 Ordines
847 1632 1018 1671 reducere
1050 1645 1170 1671 tentet
1199 1638 1436 1682 Veteranus,

443 1701 530 1726 cum
559 1685 647 1724 inde
686 1685 898 1738 prosapiens
928 1701 969 1724 ex
994 1698 1128 1725 natura
1160 1688 1446 1742 vegetabilium.

452 1751 465 1792 (
490 1741 563 1780 hoc
583 1753 709 1778 tamen
728 1739 883 1777 difficile
902 1741 951 1778 ob
967 1739 1157 1779 descidium
1174 1743 1409 1780 occultorum
1427 1747 1445 1792 )

445 1810 478 1835 e.
508 1809 565 1849 gr.
587 1793 772 1834 Tamarix
791 1816 846 1823 —
868 1792 1000 1832 Cac‘t'us
1016 1825 1024 1841 ,
1056 1795 1122 1834 nili
1144 1794 1395 1843 mansuaria,

577 1847 712 1887 Affaea
728 1872 785 1880 —
802 1847 962 1886 Paeonia
977 1878 986 1894 ,
1015 1849 1081 1887 nis1
1102 1848 1344 1902 Cimicifitga.

285 1930 325 1962 9.
353 1913 569 1952 Multitudo
609 1918 795 1952 Generum
837 1912 886 1950 est
932 1928 1029 1953 onus
1066 1915 1257 1953 memoriae
1294 1944 1304 1960 ,
1348 1912 1552 1954 levandum

393 1968 611 2018 Systemate.

338 2022 503 2072 Systema
533 2020 756 2074 imiigitabit
789 2021 924 2074 absque
956 2032 1176 2072 praeceptore
1207 2020 1390 2072 plantam.

340 2075 506 2113 Ordines
538 2077 724 2113 naturales
761 2089 837 2113 non
874 2076 1109 2113 constituunt
1144 2073 1375 2112 methodum
1415 2073 1553 2127 absque

396 2129 517 2166 clave.

341 2182 554 2221 Methodus
592 2181 798 2220 artificialis
828 2184 954 2233 iraque
989 2181 1065 2220 sola
1096 2183 1196 2220 valet
1227 2182 1266 2219 in
1290 2181 1488 2233 diagnofi‚

394 2250 479 2274 cum
510 2237 626 2273 clavis
652 2239 706 2275 M.
734 2238 927 2274 Naturalis
954 2236 1016 2273 vix
1048 2249 1089 2273 ac
1117 2250 1162 2274 ne
1194 2235 1258 2273 vix
1287 2233 1551 2286 poflibilis-fit.

294 2313 356 2342 xo.
388 2301 551 2337 Ordines
585 2303 772 2339 naturales
803 2302 930 2339 valent
966 2300 1011 2337 de
1042 2311 1174 2338 natura
1203 2300 1430 2352 plantarum.

397 2354 619 2394 Artificiales
643 2357 683 2393 in
718 2353 890 2410 diagnofi
928 2355 1153 2407 plantarum.
